@Unpublished{bright:2011,
  author = 	 {Peter Bright},
  title = 	 {How the London riots showed us two sides of social networking},
  note = {\url{http://arstechnica.com/tech-policy/news/2011/08/the-two-sides-of-social-networking-on-display-in-the-london-riots.ars} (accessed 2014-02-12)},
  month = 	 {August},
  year = 	 {2011}
}

@Article{smart2020:2008,
  author = 	 {{The Climate Group}},
  title = 	 {{SMART 2020: Enabling the low carbon economy in the information age}},
  note =         {{Global eSustainability Initiative (GeSI)}},
  year = 	 {2008}
}

@TechReport{sevtsuk+beinart:2005,
  author = 	 {A. Sevtsuk and J. Beinart},
  title = 	 {{The effects of ICT on City Form}},
  institution =  {{MIT School of Architecture and Planning}},
  year = 	 {2005}
}

@Unpublished{buscher:2012,
  author = 	 {Volker Buscher},
  note =         {{Interview}},
  month = 	 {April},
  year = 	 {2012}
}

% Masters in Public Administration
@MastersThesis{coleman:2011,
  author = 	 {Emer Coleman},
  title = 	 {{From New Public Management to Open Governance: A New Future or The More Things Change the More They Stay The Same?}},
  school = 	 {University of Warwick, UK},
  year = 	 {2011}
}

@Article{hefetz+warner:2004,
  author = 	 {Amir Hefetz and Mildren Warner},
  title = 	 {{Privatization and Its Reverse: Explaining the Dynamics of the Government Contracting Process}},
  journal = 	 {{Journal of Public Administration Research and Theory}},
  year = 	 {2004},
  volume = 	 {14},
  number = 	 {2},
  pages = 	 {171-190}
}

@Article{stoker:2006,
  author = 	 {Gerry Stoker},
  title = 	 {{Public Value Management: A New Narrative for Networked Governance?}},
  journal = 	 {{The American Review of Public Administration}},
  year = 	 {2006},
  volume = 	 {36},
  number = 	 {1},
  pages = 	 {41-57}
}

@Article{oflynn:2007,
  author = 	 {Janine O'Flynn},
  title = 	 {{From New Public Management to Public Value: Paradigmatic Change and Managerial Implications}},
  journal = 	 {{Australian Journal of Public Administration}},
  year = 	 {2007},
  volume = 	 {66},
  number = 	 {3},
  pages = 	 {353-366}
}

@TechReport{horner+hazel:2005,
  author = 	 {Louise Horner and Louise Hazel},
  title = 	 {{Adding Public Value}},
  institution =  {{The Work Foundation}},
  year = 	 {2005},
  month = 	 {January}
}

@TechReport{talbot:2008,
  author = 	 {Colin Talbot},
  title = 	 {{Measuring Public Value -- A competing values approach}},
  institution =  {{The Work Foundation}},
  year = 	 {2008},
  month = 	 {October}
}

@Article{gains+stoker:2009,
  author = 	 {F. Gains and G. Stoker},
  title = 	 {{Delivering `Public Value': Implications for Accountability and Legitimacy}},
  journal = 	 {{Parliamentary Affairs}},
  year = 	 {2009},
  volume = 	 {62},
  number = 	 {3},
  pages = 	 {438-455}
}

@Book{mcdonough+braungart:2009,
  author = 	 {William McDonough and Michael Braungart},
  title = 	 {{Cradle to Cradle: Remaking the Way We Make Things}},
  publisher = 	 {{North Point Press}},
  year = 	 {2002}
}

@Article{baptista:2005,
  author = 	 {Manuel Baptista},
  title = 	 {{e‑Government and State Reform: Policy Dilemmas for Europe}},
  journal = 	 {{Electronic Journal of e-Government}},
  year = 	 {2005},
  volume = 	 {3},
  number = 	 {4},
  pages = 	 {167-174}
}

@InProceedings{cosgrave+tryfonas:2012,
  author = 	 {Ellie Cosgrave and Theo Tryfonas},
  title = 	 {{Exploring the Relationship Between Smart City Policy and Implementation}},
  booktitle = {{Proceedings of the 1st International Conference on Smart Systems, Devices and Technologies (SMART 2012)}},
  pages = 	 {79-82},
  year = 	 {2012}
}

@TechReport{kearns:2004,
  author = 	 {Ian Kearns},
  title = 	 {{Public Value and E-Government}},
  institution =  {{Institute for Public Policy Research}},
  year = 	 {2004}
}

@TechReport{coats+passmore:2008,
  author = 	 {David Coats and Eleanor Passmore},
  title = 	 {{Public Value: The Next Steps in Public Service Reform}},
  institution =  {{The Work Foundation}},
  year = 	 {2008},
  month = 	 {October}
}

@TechReport{conparty:2010,
  author = 	 {{The Conservative Party Manifesto}},
  title = 	 {{Why we think you should vote for us}},
  year = 	 {2010}
}

@InProceedings{harrison+abbottdonnelly:2011,
  author = 	 {Colin Harrison and Ian {Abbott Donnelly}},
  title = 	 {{A Theory of Smart Cities}},
  booktitle = {{Proceedings of the 55th Annual Meeting of the International Society for the Systems Sciences (ISSS)}},
  pages = 	 {7-22},
  year = 	 {2011}
}

@Unpublished{haque:2012,
  author = 	 {Usman Haque},
  title = 	 {Surely there's a smarter approach to smart cities?},
  note = {\url{http://www.wired.co.uk/news/archive/2012-04/17/potential-of-smarter-cities-beyond-ibm-and-cisco} (accessed 2014-02-12)},
  month = 	 {April},
  year = 	 {2012}
}

@TechReport{belissent:2010,
  author = 	 {Jennifer B\'{e}lissent},
  title = 	 {{Getting Clever About Smart Cities: New Opportunities Require New Business Models}},
  institution =  {{Forrester}},
  year = 	 {2010}
}

@Unpublished{namih:2012,
  author = 	 {Chris Namih},
  note =         {{Interview}},
  month = 	 {April},
  year = 	 {2012}
}

@Unpublished{reades:2011,
  author = 	 {Jon Reades},
  title = 	 {{Early Views of Public Transit Usage in London}},
  note =         {\url{http://simulacra.blogs.casa.ucl.ac.uk/2011/04/early-views-of-public-transit-usage-in-london/} (accessed 2014-02-12)},
  month = 	 {April},
  year = 	 {2011}
}

@TechReport{arup-et-al:2011,
  author = 	 {{Arup, The Climate Group, Accenture and Horizon, University of Nottingham}},
  title = 	 {{Information Marketplaces: The New Economics of Cities}},
  year = 	 {2011},
  month = 	 {November}
}

@Unpublished{doody:2012,
  author = 	 {L\'{e}an Doody},
  note =         {{Interview}},
  month = 	 {April},
  year = 	 {2012}
}

@TechReport{postitp:2003,
  author = 	 {{Parliamentary Office of Science and Technology}},
  title = 	 {{Government IT projects}},
  number = 	 {Report 200},
  year = 	 {2003},
  month = 	 {July}
}

@Unpublished{prwebport:2012,
  author = 	 {{PRWeb}},
  title = 	 {{\'{A}guas de Cascais Rolls Out TaKaDu for Water Network Monitoring and Water Loss Reduction}},
  note =         {\url{http://www.prweb.com/releases/2012/3/prweb9288938.htm} (accessed 2014-02-12)},
  month = 	 {March},
  year = 	 {2012}
}

@Unpublished{la2b:2011,
  author = 	 {{Los Angeles Departments of City Planning and Transportation}},
  title = 	 {{LA2B}},
  note =         {\url{http://la2b.org/about/} (accessed 2014-02-12)},
  year = 	 {2011}
}

@Unpublished{pinterkrainer:2012,
  author = 	 {Marc Pinter-Krainer},
  title = 	 {{Google Enforces New Privacy Policy, Despite International Outcry About Its Implications}},
  note =         {\url{http://www.consumerwatchdog.org/story/google-enforces-new-privacy-policy-despite-international-outcry-about-its-implications} (accessed 2014-02-12)},
  month = 	 {March},
  year = 	 {2012}
}

@Unpublished{sutton:2012,
  author = 	 {Maira Sutton},
  title = 	 {{International Reactions to Google’s New Privacy Policy}},
  note =         {\url{https://www.eff.org/deeplinks/2012/03/international-reactions-googles-new-privacy-policy} (accessed 2014-02-12)},
  month = 	 {March},
  year = 	 {2012}
}

% MMath thesis
@MastersThesis{zhang:1997,
  author = 	 {H. Zhang},
  title = 	 {{Delay-Insensitive Networks}},
  school = 	 {Department of Computer Science, University of Waterloo, Canada},
  year = 	 {1997}
}

@TechReport{ciscoconcities:2010,
  author = 	 {Nicola Villa and Shane Mitchell},
  title = 	 {{Connecting Cities: Achieving Sustainability Through Innovation}},
  institution =  {{Cisco}},
  year = 	 {2010},
  month = 	 {October}
}

@TechReport{consustict:2008,
  author = 	 {Wolfgang Wagener},
  title = 	 {{Connected and Sustainable ICT Infrastructure}},
  institution =  {{Connected Urban Development}},
  year = 	 {2008}
}

@Article{odensaal:2003,
  author = 	 {Nancy Odendaal},
  title = 	 {Information and communication technology and local governance: understanding the difference between cities in developed and emerging economies},
  journal = 	 {{Computers, Environment and Urban Systems}},
  year = 	 {2003},
  volume = 	 {27},
  number = 	 {6},
  pages = 	 {585-607}
}

@Article{hollands:2008,
  author = 	 {Robert G. Hollands},
  title = 	 {Will the real smart city please stand up? Intelligent, progressive or entrepreneurial?},
  journal = 	 {City},
  year = 	 {2008},
  volume = 	 {12},
  number = 	 {3},
  pages = 	 {303-320}
}

@Book{komninos:2002,
  author = 	 {Nicos Komninos},
  title = 	 {{Intelligent Cities: Innovation, Knowledge Systems and Digital Spaces}},
  publisher = 	 {Routledge},
  year = 	 {2002}
}

@InProceedings{cosgrave-et-al:2013,
  author = 	 {Ellie Cosgrave and Kate Arbuthnot and Theo Tryfonas},
  title = 	 {{Living Labs, Innovation Districts and Information Marketplaces: A Systems Approach for Smart Cities}},
  booktitle = {Proceedings of the 2013 Conference on Systems Engineering Research},
  pages = 	 {668-677},
  year = 	 {2013}
}

